@book{fokking2013,
    author = {Wan Fokkink},
    title = {Distributed Algorithms: An Intuitive Approach},
    publisher = {The MIT Press},
    address = {Cambridge, Massachusetts London, England},
    year = {2013}
}

@book{tel2001,
    author = {Gerard Tel},
    title = {Introduction to Distributed Algorithms},
    publisher = {CAMBRIDGE UNIVERSITY PRESS},
    year = {2001}
}

@inproceedings{changroberts1979,
    author = {Ernest Chang and Rosemary Roberts},
    title = {An Improved Algorithm for Decentralized Extrema-Finding in Circular Configurations of Processes},
    booktitle = {ACM},
    year = {1979}
}

@article{franklin1982,
    author = {Randolph Franklin},
    title = {On an Improved Algorithm for Decentralized Extrema Finding in Circular Configurations of Processors},
    journal = {Communications of the ACM},
    year = {1982}
}
